<record><leader>00000cas a22000007a 4500</leader><controlfield tag="001">15475975</controlfield><controlfield tag="008">870402c19529999paudn ne      0    0eng d</controlfield><datafield ind1=" " ind2=" " tag="010"><subfield code="a">sn 87080508 </subfield></datafield><datafield ind1=" " ind2=" " tag="040"><subfield code="a">NPH</subfield><subfield code="b">eng</subfield><subfield code="c">NPH</subfield><subfield code="d">OCLCQ</subfield></datafield><datafield ind1=" " ind2=" " tag="042"><subfield code="a">msc</subfield></datafield><datafield ind1="0" ind2=" " tag="130"><subfield code="a">Times herald (Norristown, Pa.)</subfield></datafield><datafield ind1="1" ind2="4" tag="245"><subfield code="a">The times herald.</subfield></datafield><datafield ind1=" " ind2=" " tag="260"><subfield code="a">Norristown, Pa. :</subfield><subfield code="b">Norristown Herald, Inc.,</subfield><subfield code="c">1952-</subfield></datafield><datafield ind1=" " ind2=" " tag="300"><subfield code="a">v. :</subfield><subfield code="b">ill.</subfield></datafield><datafield ind1=" " ind2=" " tag="310"><subfield code="a">Daily (except Sun.)</subfield></datafield><datafield ind1="0" ind2=" " tag="362"><subfield code="a">153rd yr., no. 255 (Apr. 14, 1952)-</subfield></datafield><datafield ind1=" " ind2=" " tag="500"><subfield code="a">Publishers: Norristown Herald, Inc., &lt;1952&gt;; R.B. Strassburger, &lt;1959&gt;.</subfield></datafield><datafield ind1=" " ind2=" " tag="752"><subfield code="a">United States</subfield><subfield code="b">Pennsylvania</subfield><subfield code="c">Montgomery</subfield><subfield code="d">Norristown.</subfield></datafield><datafield ind1="0" ind2="0" tag="780"><subfield code="t">Norristown times herald</subfield><subfield code="w">(DLC)sn 84026049</subfield></datafield></record>